<?xml version="1.0" encoding="UTF-8"?><collection xmlns="http://www.loc.gov/MARC21/slim"><record><leader>00532nam--2200169-i-4500</leader><controlfield tag="001">000010038</controlfield><controlfield tag="002">20161230</controlfield><controlfield tag="005">20161230201028</controlfield><controlfield tag="008">060222s1000------------r-----000-0-eng-d</controlfield><datafield ind1=" " ind2=" " tag="040"><subfield code="a">IFIN-HH</subfield></datafield><datafield ind1=" " ind2=" " tag="080"><subfield code="a">061.3:539.12.18:537.533:621.039.647:621.791</subfield></datafield><datafield ind1="1" ind2=" " tag="100"><subfield code="a">Bakish, Robert</subfield></datafield><datafield ind1="1" ind2="0" tag="245"><subfield code="a">Electron and ion beam science and technology</subfield><subfield code="b">Forth international conference</subfield><subfield code="c">Robert bakish (ed.)</subfield></datafield><datafield ind1=" " ind2=" " tag="260"><subfield code="a">New York</subfield><subfield code="b">The Electrochemical Society</subfield><subfield code="c">1970</subfield></datafield><datafield ind1=" " ind2=" " tag="300"><subfield code="a">XI+666 P</subfield></datafield><datafield ind1=" " ind2=" " tag="852"><subfield code="a">36271</subfield><subfield code="c">537.533</subfield></datafield><datafield ind1=" " ind2=" " tag="CAT"><subfield code="a">Sys</subfield><subfield code="c">20110829</subfield><subfield code="h">160854</subfield></datafield></record></collection>